<record><leader>00000cas a22000007a 4500</leader><controlfield tag="001">154307600</controlfield><controlfield tag="008">070711c200u9999nduwr ne      0   a0eng c</controlfield><datafield ind1=" " ind2=" " tag="010"><subfield code="a">  2007212221</subfield></datafield><datafield ind1=" " ind2=" " tag="040"><subfield code="a">NSD</subfield><subfield code="b">eng</subfield><subfield code="c">NSD</subfield><subfield code="d">OCLCQ</subfield></datafield><datafield ind1=" " ind2=" " tag="012"><subfield code="m">y</subfield></datafield><datafield ind1="1" ind2=" " tag="022"><subfield code="a">1939-0483</subfield><subfield code="l">1939-0483</subfield><subfield code="y">8750-5436</subfield><subfield code="2">1</subfield></datafield><datafield ind1=" " ind2=" " tag="032"><subfield code="a">598570</subfield><subfield code="b">USPS</subfield></datafield><datafield ind1=" " ind2=" " tag="042"><subfield code="a">nsdp</subfield></datafield><datafield ind1="1" ind2="0" tag="050"><subfield code="a">ISSN RECORD</subfield></datafield><datafield ind1="0" ind2=" " tag="130"><subfield code="a">Messenger (Fordville, N.D.)</subfield></datafield><datafield ind1=" " ind2="0" tag="222"><subfield code="a">Messenger</subfield><subfield code="b">(Fordville, N.D.)</subfield></datafield><datafield ind1="1" ind2="0" tag="245"><subfield code="a">Messenger.</subfield></datafield><datafield ind1=" " ind2=" " tag="260"><subfield code="a">Fordville, N.D. :</subfield><subfield code="b">Ness Press</subfield></datafield><datafield ind1=" " ind2=" " tag="300"><subfield code="a">v.</subfield></datafield><datafield ind1=" " ind2=" " tag="310"><subfield code="a">Weekly</subfield></datafield><datafield ind1=" " ind2=" " tag="588"><subfield code="a">Description based on surrogate of: June 7, 2007.</subfield></datafield><datafield ind1=" " ind2=" " tag="752"><subfield code="a">United States</subfield><subfield code="b">North Dakota</subfield><subfield code="c">Ramsey</subfield><subfield code="d">Fordville.</subfield></datafield><datafield ind1=" " ind2=" " tag="752"><subfield code="a">United States</subfield><subfield code="b">North Dakota</subfield><subfield code="c">Nelson</subfield><subfield code="d">McVille.</subfield></datafield><datafield ind1="1" ind2=" " tag="029"><subfield code="a">AU@</subfield><subfield code="b">000041921628</subfield></datafield></record>